<record><leader>00000cas a22000007a 4500</leader><controlfield tag="001">18120450</controlfield><controlfield tag="008">880622d19151919ohudn ne      0    0eng d</controlfield><datafield ind1=" " ind2=" " tag="010"><subfield code="a">sn 88078648 </subfield></datafield><datafield ind1=" " ind2=" " tag="040"><subfield code="a">ONP</subfield><subfield code="b">eng</subfield><subfield code="c">ONP</subfield><subfield code="d">OCLCQ</subfield></datafield><datafield ind1=" " ind2=" " tag="042"><subfield code="a">msc</subfield></datafield><datafield ind1="0" ind2=" " tag="130"><subfield code="a">Evening telegram (Elyria, Ohio : 1915)</subfield></datafield><datafield ind1="1" ind2="4" tag="245"><subfield code="a">The Evening telegram.</subfield></datafield><datafield ind1=" " ind2=" " tag="260"><subfield code="a">Elyria, Ohio :</subfield><subfield code="b">A.L. Garford,</subfield><subfield code="c">1915-1919.</subfield></datafield><datafield ind1=" " ind2=" " tag="300"><subfield code="a">v.</subfield></datafield><datafield ind1=" " ind2=" " tag="310"><subfield code="a">Daily (except Sun.)</subfield></datafield><datafield ind1="0" ind2=" " tag="362"><subfield code="a">Vol. 17, no. 306 (Dec. 31, 1915)-v. 21, no. 152 (June 30, 1919).</subfield></datafield><datafield ind1=" " ind2=" " tag="580"><subfield code="a">Weekly ed.: Elyria Republican (Elyria, Ohio : 1874).</subfield></datafield><datafield ind1=" " ind2=" " tag="752"><subfield code="a">United States</subfield><subfield code="b">Ohio</subfield><subfield code="c">Lorain</subfield><subfield code="d">Elyria.</subfield></datafield><datafield ind1="1" ind2=" " tag="775"><subfield code="t">Elyria Republican (Elyria, Ohio : 1874)</subfield><subfield code="w">(DLC)sn 84028341</subfield></datafield><datafield ind1="0" ind2="0" tag="780"><subfield code="t">Elyria evening telegram</subfield><subfield code="w">(DLC)sn 88078649</subfield></datafield><datafield ind1="0" ind2="7" tag="785"><subfield code="t">Elyria chronicle (Elyria, Ohio : 1906)</subfield><subfield code="w">(DLC)sn 84028352</subfield></datafield><datafield ind1="0" ind2="7" tag="785"><subfield code="t">Chronicle-telegram</subfield><subfield code="w">(DLC)sn 84028353</subfield></datafield></record>